@techreport{RFC0791,
  author = {Jon Postel},
  title = {{Internet Protocol}},
  howpublished = {Internet Requests for Comments},
  type = {STD},
  number = {5},
  year = {1981},
  month = {September},
  issn = {2070-1721},
  publisher = {RFC Editor},
  institution = {RFC Editor},
  url = {http://www.rfc-editor.org/rfc/rfc791.txt},
  note = {\url{http://www.rfc-editor.org/rfc/rfc791.txt}},
}
@techreport{RFC0793,
  author = {Jon Postel},
  title = {{Transmission Control Protocol}},
  howpublished = {Internet Requests for Comments},
  type = {STD},
  number = {7},
  year = {1981},
  month = {September},
  issn = {2070-1721},
  publisher = {RFC Editor},
  institution = {RFC Editor},
  url = {http://www.rfc-editor.org/rfc/rfc793.txt},
  note = {\url{http://www.rfc-editor.org/rfc/rfc793.txt}},
}
@techreport{RFC4271,
  author = {Y. Rekhter and T. Li and S. Hares},
  title = {{A Border Gateway Protocol 4 (BGP-4)}},
  howpublished = {Internet Requests for Comments},
  type = {RFC},
  number = {4271},
  year = {2006},
  month = {January},
  issn = {2070-1721},
  publisher = {RFC Editor},
  institution = {RFC Editor},
  url = {http://www.rfc-editor.org/rfc/rfc4271.txt},
  note = {\url{http://www.rfc-editor.org/rfc/rfc4271.txt}},
}
@ONLINE {graphstreamteam2017,
    author = {{GraphStream Team}},
    title  = {GraphStream - A Dynamic Graph Library},
    month  = mar,
    year   = 2017,
    url    = {http://graphstream-project.org}
}